<?xml version="1.0" encoding="UTF-8"?><record xmlns="http://www.loc.gov/MARC21/slim" xmlns:cinclude="http://apache.org/cocoon/include/1.0" xmlns:zs="http://www.loc.gov/zing/srw/">
  <leader>00527cz  a2200145n  4500</leader>
  <controlfield tag="001">n  79063255 </controlfield>
  <controlfield tag="003">DLC</controlfield>
  <controlfield tag="005">20161115073843.0</controlfield>
  <controlfield tag="008">790803n| azannaabn          |n aaa      </controlfield>
  <datafield tag="010" ind1=" " ind2=" ">
    <subfield code="a">n  79063255 </subfield>
  </datafield>
  <datafield tag="035" ind1=" " ind2=" ">
    <subfield code="a">(OCoLC)oca00296205</subfield>
  </datafield>
  <datafield tag="040" ind1=" " ind2=" ">
    <subfield code="a">DLC</subfield>
    <subfield code="b">eng</subfield>
    <subfield code="e">rda</subfield>
    <subfield code="c">DLC</subfield>
    <subfield code="d">NjP</subfield>
    <subfield code="d">ItFiC</subfield>
  </datafield>
  <datafield tag="100" ind1="1" ind2=" ">
    <subfield code="a">Montevecchi, Alessandro</subfield>
  </datafield>
  <datafield tag="670" ind1=" " ind2=" ">
    <subfield code="a">Machiavelli, N.  Opere ... 1971-</subfield>
  </datafield>
  <datafield tag="670" ind1=" " ind2=" ">
    <subfield code="a">His Storici di Firenze, 1989:</subfield>
    <subfield code="b">cover p. 3 (Alessandro Montevecchi, b. 1937 in Faenza, Italy; docente di Lettere, Scuola media superiore, UniversitaĚ di Bologna)</subfield>
  </datafield>
</record>